<?xml version="1.0" encoding="UTF-8"?><collection xmlns="http://www.loc.gov/MARC21/slim"><record><leader>00286nam--2200121-i-4500</leader><controlfield tag="001">000045330</controlfield><controlfield tag="002">20161230</controlfield><controlfield tag="005">20161230201045</controlfield><controlfield tag="008">060222s1000------------r-----000-0-eng-d</controlfield><datafield ind1=" " ind2=" " tag="100"><subfield code="a">Trapnell, B.M.W</subfield></datafield><datafield ind1=" " ind2=" " tag="245"><subfield code="a">Chemisorption</subfield></datafield><datafield ind1=" " ind2=" " tag="260"><subfield code="a">London, Butterworths, 1955, Vii+265p</subfield></datafield><datafield ind1=" " ind2=" " tag="852"><subfield code="a">11768</subfield></datafield></record></collection>